@MISC{wikipediaBloomFilter,
  TITLE= "Bloom filter - Wikipedia",
  HOWPUBLISHED="Website",
  NOTE="\url{https://en.wikipedia.org/wiki/Bloom_filter}; abgerufen am 27. November 2018."
}

@MISC{wikipediaApplications,
  TITLE= "Bloom filter - Wikipedia - Examples",
  HOWPUBLISHED="Website",
  NOTE="\url{https://en.wikipedia.org/wiki/Bloom_filter#Examples}; abgerufen am 27. November 2018."
}

@MISC{wikipediaNumberOfHash,
  TITLE= "Bloom filter - Wikipedia - Optimal number of hash functions",
  HOWPUBLISHED="Website",
  NOTE="\url{https://en.wikipedia.org/wiki/Bloom_filter#Optimal_number_of_hash_functions}; abgerufen am 27. November 2018."
}